
@phdthesis{charlebois_these,
  author = {Charlebois, Maxime},
  title  = {Théorie de champ moyen dynamique pour les systèmes inhomogènes},
  type   = {PhD Thesis},
  school = {Université de Sherbrooke},
  year  = 2015,
  address = {Sherbrooke}
}

@mastersthesis{simard_master,
  author       = {Olivier Simard}, 
  title        = {Rigidité superfluide et température critique en présence d'une autre phase},
  school       = {Université de Sherbrooke},
  year         = 2019,
  address      = {Sherbrooke},
  month        = 3,
  note         = {Link: \url{http://hdl.handle.net/11143/15039}}
}